
@article{currie1968,
author = {Currie, Lloyd A.},
title = {Limits for qualitative detection and quantitative determination.  
{A}pplication to radiochemistry},
journal = {Analytical Chemistry},
volume = {40},
number = {3},
pages = {586-593},
year = {1968},
doi = {10.1021/ac60259a007},

URL = { 
        https://doi.org/10.1021/ac60259a007
    
},
eprint = { 
        https://doi.org/10.1021/ac60259a007
    
}

}


